<record><leader>00000cas a2200000 a 4500</leader><controlfield tag="001">43939548</controlfield><controlfield tag="008">000427d18901uuucauwr ne      0    0eng c</controlfield><datafield ind1=" " ind2=" " tag="010"><subfield code="a">sn 00060395 </subfield></datafield><datafield ind1=" " ind2=" " tag="040"><subfield code="a">CNK</subfield><subfield code="b">eng</subfield><subfield code="c">CNK</subfield><subfield code="d">OCLCQ</subfield><subfield code="d">OCLCF</subfield><subfield code="d">OCLCO</subfield></datafield><datafield ind1="1" ind2=" " tag="029"><subfield code="a">AU@</subfield><subfield code="b">000021486153</subfield></datafield><datafield ind1=" " ind2=" " tag="042"><subfield code="a">pcc</subfield></datafield><datafield ind1=" " ind2=" " tag="043"><subfield code="a">n-us-ca</subfield></datafield><datafield ind1="0" ind2=" " tag="130"><subfield code="a">Summit sun (Tehachapi, Calif.)</subfield></datafield><datafield ind1="1" ind2="4" tag="245"><subfield code="a">The summit sun.</subfield></datafield><datafield ind1=" " ind2=" " tag="260"><subfield code="a">Tehachapi, Calif. :</subfield><subfield code="b">E.J.H. Nicholson</subfield></datafield><datafield ind1=" " ind2=" " tag="300"><subfield code="a">v.</subfield></datafield><datafield ind1=" " ind2=" " tag="310"><subfield code="a">Weekly</subfield></datafield><datafield ind1="0" ind2=" " tag="362"><subfield code="a">Vol. 1, no. 1 (Oct. 31, 1890)-</subfield></datafield><datafield ind1=" " ind2="0" tag="651"><subfield code="a">Tehachapi (Calif.)</subfield><subfield code="v">Newspapers.</subfield></datafield><datafield ind1=" " ind2="7" tag="655"><subfield code="a">Newspapers.</subfield><subfield code="2">fast</subfield><subfield code="0">(OCoLC)fst01423814</subfield></datafield><datafield ind1=" " ind2="7" tag="651"><subfield code="a">California</subfield><subfield code="z">Tehachapi.</subfield><subfield code="2">fast</subfield><subfield code="0">(OCoLC)fst01226767</subfield></datafield><datafield ind1=" " ind2=" " tag="752"><subfield code="a">United States</subfield><subfield code="b">California</subfield><subfield code="c">Kern</subfield><subfield code="d">Tehachapi.</subfield></datafield></record>